<record><leader>00000cas a22000007a 4500</leader><controlfield tag="001">11254182</controlfield><controlfield tag="008">841011d1847186uinuwr ne      0    0eng d</controlfield><datafield ind1=" " ind2=" " tag="010"><subfield code="a">sn 84038187 </subfield></datafield><datafield ind1=" " ind2=" " tag="040"><subfield code="a">NPX</subfield><subfield code="b">eng</subfield><subfield code="c">NPX</subfield><subfield code="d">NPU</subfield><subfield code="d">NPI</subfield><subfield code="d">TGN</subfield><subfield code="d">OCLCQ</subfield></datafield><datafield ind1=" " ind2=" " tag="042"><subfield code="a">msc</subfield></datafield><datafield ind1="0" ind2=" " tag="130"><subfield code="a">Terre-Haute journal (Terre Haute, Ind. : Weekly)</subfield></datafield><datafield ind1="1" ind2="4" tag="245"><subfield code="a">The Terre-Haute journal.</subfield></datafield><datafield ind1=" " ind2=" " tag="260"><subfield code="a">Terre Haute, Ind. :</subfield><subfield code="b">C.B. Bentley &amp; W. Moore</subfield></datafield><datafield ind1=" " ind2=" " tag="310"><subfield code="a">Weekly</subfield></datafield><datafield ind1="1" ind2=" " tag="362"><subfield code="a">Began in 1847?</subfield></datafield><datafield ind1=" " ind2=" " tag="515"><subfield code="a">Suspended Oct. 21-Dec. 12, 1861.</subfield></datafield><datafield ind1=" " ind2=" " tag="580"><subfield code="a">Daily editions: Daily evening journal (Terre Haute, Ind.), and: Daily morning journal (Terre Haute, Ind.).</subfield></datafield><datafield ind1=" " ind2=" " tag="588"><subfield code="a">Description based on: Vol. 3, no. 26 (Mar. 28, 1851).</subfield></datafield><datafield ind1=" " ind2=" " tag="752"><subfield code="a">United States</subfield><subfield code="b">Indiana</subfield><subfield code="c">Vigo</subfield><subfield code="d">Terre Haute.</subfield></datafield><datafield ind1="1" ind2=" " tag="775"><subfield code="t">Daily evening journal (Terre Haute, Ind.)</subfield><subfield code="w">(DLC)sn 87055706</subfield></datafield><datafield ind1="1" ind2=" " tag="775"><subfield code="t">Daily morning journal (Terre Haute, Ind.)</subfield><subfield code="w">(DLC)sn 82015661</subfield><subfield code="w">(OCoLC)8807979</subfield></datafield><datafield ind1="0" ind2="0" tag="785"><subfield code="t">Terre-Haute weekly journal</subfield><subfield code="w">(DLC)sn 87055673</subfield></datafield></record>